<record><leader>00000cas a2200000 a 4500</leader><controlfield tag="001">22601065</controlfield><controlfield tag="008">901029d19041971iludn ne      0   a0eng c</controlfield><datafield ind1=" " ind2=" " tag="010"><subfield code="a">sn 90054645 </subfield></datafield><datafield ind1=" " ind2=" " tag="040"><subfield code="a">NVF</subfield><subfield code="b">eng</subfield><subfield code="c">NVF</subfield><subfield code="d">NVF</subfield><subfield code="d">OCLCF</subfield><subfield code="d">OCLCO</subfield><subfield code="d">NVF</subfield></datafield><datafield ind1=" " ind2=" " tag="042"><subfield code="a">pcc</subfield></datafield><datafield ind1=" " ind2=" " tag="043"><subfield code="a">n-us-il</subfield></datafield><datafield ind1="0" ind2=" " tag="130"><subfield code="a">Pontiac daily leader (Pontiac, Ill. : 1904)</subfield></datafield><datafield ind1="1" ind2="4" tag="245"><subfield code="a">The Pontiac daily leader.</subfield></datafield><datafield ind1=" " ind2=" " tag="260"><subfield code="a">Pontiac, Ill. :</subfield><subfield code="b">H.J. Clark,</subfield><subfield code="c">1904-1971.</subfield></datafield><datafield ind1="2" ind2=" " tag="260"><subfield code="3">&lt;Nov. 5, 1952&gt;</subfield><subfield code="a">Pontiac, Ill. :</subfield><subfield code="b">Pontiac Leader Publishing Co.</subfield></datafield><datafield ind1=" " ind2=" " tag="300"><subfield code="a">v.</subfield></datafield><datafield ind1=" " ind2=" " tag="310"><subfield code="a">Daily (except Sunday and holidays)</subfield></datafield><datafield ind1="0" ind2=" " tag="362"><subfield code="a">8th year, no. 106 (Jan. 23, 1904)-72nd year, no. 308 (Sept. 13, 1968) ; 89th year, no. 1 (Sept. 14, 1968)-91st year, no. 231 (June 14, 1971).</subfield></datafield><datafield ind1=" " ind2=" " tag="515"><subfield code="a">Continues the numbering of Daily leader (Pontiac, Ill. : 1899).</subfield></datafield><datafield ind1=" " ind2="0" tag="651"><subfield code="a">Pontiac (Ill.)</subfield><subfield code="v">Newspapers.</subfield></datafield><datafield ind1=" " ind2="0" tag="651"><subfield code="a">Livingston County (Ill.)</subfield><subfield code="v">Newspapers.</subfield></datafield><datafield ind1=" " ind2="7" tag="651"><subfield code="a">Illinois</subfield><subfield code="z">Livingston County.</subfield><subfield code="2">fast</subfield><subfield code="0">(OCoLC)fst01207542</subfield></datafield><datafield ind1=" " ind2="7" tag="651"><subfield code="a">Illinois</subfield><subfield code="z">Pontiac.</subfield><subfield code="2">fast</subfield><subfield code="0">(OCoLC)fst01217909</subfield></datafield><datafield ind1=" " ind2="7" tag="655"><subfield code="a">Newspapers.</subfield><subfield code="2">fast</subfield><subfield code="0">(OCoLC)fst01423814</subfield></datafield><datafield ind1=" " ind2=" " tag="752"><subfield code="a">United States</subfield><subfield code="b">Illinois</subfield><subfield code="c">Livingston County</subfield><subfield code="d">Pontiac.</subfield></datafield><datafield ind1="0" ind2="0" tag="780"><subfield code="t">Daily leader (Pontiac, Ill. : 1899)</subfield><subfield code="w">(DLC)sn 90054640</subfield><subfield code="w">(OCoLC)22600837</subfield></datafield><datafield ind1="0" ind2="0" tag="785"><subfield code="t">Daily leader (Pontiac, Ill. : 1971)</subfield><subfield code="w">(DLC)sn 90054650</subfield><subfield code="w">(OCoLC)22601141</subfield></datafield><datafield ind1="1" ind2=" " tag="029"><subfield code="a">AU@</subfield><subfield code="b">000020632029</subfield></datafield></record>